@book{book:{2178931},
   title =     {Beginning Serverless Computing: Developing with Amazon Web Services, Microsoft Azure, and Google Cloud},
   author =    {Maddie Stigler (auth.)},
   publisher = {Apress},
   isbn =      {978-1-4842-3083-1,978-1-4842-3084-8},
   year =      {2018},
   series =    {},
   edition =   {1},
   volume =    {},
   url =       {http://gen.lib.rus.ec/book/index.php?md5=54F69B19A60DF131BE42AF6B544747F4}
}
@book{book:{2480217},
   title =     {Serverless Programming Cookbook - Practical solutions to building serverless applications using Java and AWS.},
   author =    {Heartin Kanikathottu},
   publisher = {Apress},
   isbn =      {9781788623797},
   year =      {2020},
   series =    {},
   edition =   {1},
   volume =    {},
   url =       {http://gen.lib.rus.ec/book/index.php?md5=0E3DA064C8D526F9F2208B019123F173}
}
@book{book:{2163273},
   title =     {Serverless Architectures on AWS: With examples using AWS Lambda},
   author =    {Peter Sbarski},
   publisher = {Manning Publications},
   isbn =      {1617293822,9781617293825},
   year =      {2017},
   series =    {},
   edition =   {1},
   volume =    {},
   url =       {http://gen.lib.rus.ec/book/index.php?md5=A41E0B0706A49E45FADC8F212CCBCF8A}
}
@book{book:{2344140},
   title =     {Serverless Architectures with AWS},
   author =    {Mohit Gupta},
   publisher = {Packt Publishing},
   isbn =      {9781789805024},
   year =      {December 2018},
   series =    {},
   edition =   {},
   volume =    {},
   url =       {http://gen.lib.rus.ec/book/index.php?md5=5276B7F05075AD256366BA7798B90876}
}

@book{book:{2501738},
   title =     {Knative Cookbook - Red Hat version},
   author =    {Kamesh Sampath; Burr Sutter},
   publisher = {O'Reilly Media, Inc.},
   isbn =      {9781492083368,9781492061212},
   year =      {2020},
   series =    {},
   edition =   {},
   volume =    {},
   url =       {http://gen.lib.rus.ec/book/index.php?md5=41267C2C187DBD9138AA3CF94290F6AD}}

@book{mcclain2019getting,
  title={Getting Started with Knative: Building Modern Serverless Workloads on Kubernetes},
  author={McClain, B. and Friedman, B.},
  isbn={9781492047018},
  url={https://books.google.co.id/books?id=rR\_yxQEACAAJ},
  year={2019},
  publisher={O'Reilly Media}
}

@incollection{baldini2017serverless,
  title={Serverless computing: Current trends and open problems},
  author={Baldini, Ioana and Castro, Paul and Chang, Kerry and Cheng, Perry and Fink, Stephen and Ishakian, Vatche and Mitchell, Nick and Muthusamy, Vinod and Rabbah, Rodric and Slominski, Aleksander and others},
  booktitle={Research Advances in Cloud Computing},
  pages={1--20},
  year={2017},
  publisher={Springer}
}

@inproceedings{mcgrath2017serverless,
  title={Serverless computing: Design, implementation, and performance},
  author={McGrath, Garrett and Brenner, Paul R},
  booktitle={2017 IEEE 37th International Conference on Distributed Computing Systems Workshops (ICDCSW)},
  pages={405--410},
  year={2017},
  organization={IEEE}
}

@inproceedings{ramakrishnan2017azure,
  title={Azure data lake store: a hyperscale distributed file service for big data analytics},
  author={Ramakrishnan, Raghu and Sridharan, Baskar and Douceur, John R and Kasturi, Pavan and Krishnamachari-Sampath, Balaji and Krishnamoorthy, Karthick and Li, Peng and Manu, Mitica and Michaylov, Spiro and Ramos, Rog{\'e}rio and others},
  booktitle={Proceedings of the 2017 ACM International Conference on Management of Data},
  pages={51--63},
  year={2017}
}
@inproceedings{lee2018evaluation,
  title={Evaluation of production serverless computing environments},
  author={Lee, Hyungro and Satyam, Kumar and Fox, Geoffrey},
  booktitle={2018 IEEE 11th International Conference on Cloud Computing (CLOUD)},
  pages={442--450},
  year={2018},
  organization={IEEE}
}
@article{hellerstein2018serverless,
  title={Serverless computing: One step forward, two steps back},
  author={Hellerstein, Joseph M and Faleiro, Jose and Gonzalez, Joseph E and Schleier-Smith, Johann and Sreekanti, Vikram and Tumanov, Alexey and Wu, Chenggang},
  journal={arXiv preprint arXiv:1812.03651},
  year={2018}
}

